@phdthesis{RN14,
   author = {仇旺令},
   title = {遗传算法和Hopfield神经网络集成求解运输优化问题},
   university = {武汉科技大学},
   type = {硕士},
   year = {2005},
   type = {Thesis}
}

@article{RN5,
   author = {范立南 and 吕鹏},
   title = {基于改进遗传算法的校园外卖配送路径规划},
   journal = {物流科技},
   volume = {44},
   number = {01},
   pages = {14-19},
   ISSN = {1002-3100},
   year = {2021},
   type = {Journal Article}
}

@article{RN10,
   author = {何黎明},
   title = {我国物流业2020年发展回顾与2021年展望},
   year  = {2021},
   journal = {中国流通经济},
   pages = {1-6},
   ISSN = {1007-8266},
   type = {Journal Article}
}

@article{RN3,
   author = {胡大伟 and 陈海妹 and 梁一为 and 王宁},
   title = {车辆与无人机混合编队的路径优化问题模型构建},
   journal = {长安大学学报(自然科学版)},
   volume = {41},
   number = {01},
   pages = {78-89},
   ISSN = {1671-8879},
   year = {2021},
   type = {Journal Article}
}

@phdthesis{RN2,
   author = {兰兆青},
   title = {Hopfield神经网络在TSP问题中的应用},
   university = {中北大学},
   type = {硕士},
   year = {2008},
   type = {Thesis}
}

@article{RN6,
   author = {李博 and 颜靖艺},
   title = {基于剪枝算法解决非对称 TSP问题的算法研究},
   journal = {桂林航天工业学院学报},
   volume = {25},
   number = {04},
   pages = {430-436},
   ISSN = {2095-4859},
   year = {2020},
   type = {Journal Article}
}

@article{RN13,
   author = {刘宁钟 and 杨静宇},
   title = {遗传算法和Hopfield模型求解货郎担问题的比较和分析},
   journal = {计算机工程与应用},
   number = {04},
   pages = {95-97},
   ISSN = {1002-8331},
   year = {2003},
   type = {Journal Article}
}

@article{RN21,
   author = {马俊 and 董良雄 and 李军},
   title = {一种基于K-means改进蚁群算法的船舶航线设计方法},
   journal = {中国修船},
   volume = {33},
   number = {03},
   pages = {38-41},
   ISSN = {1001-8328},
   year = {2020},
   type = {Journal Article}
}

@article{RN16,
   author = {庞燕 and 罗华丽 and 邢立宁 and 任腾},
   title = {车辆路径优化问题及求解方法研究综述},
   journal = {控制理论与应用},
   volume = {36},
   number = {10},
   pages = {1573-1584},
   ISSN = {1000-8152},
   year = {2019},
   type = {Journal Article}
}

@article{RN12,
   author = {帅训波 and 马书南},
   title = {一种基于遗传Hopfield神经网络求解TSP问题的算法},
   journal = {微型机与应用},
   volume = {28},
   number = {21},
   pages = {7-9+15},
   ISSN = {1674-7720},
   year = {2009},
   type = {Journal Article}
}

@article{RN20,
   author = {田贵超 and 黎明 and 韦雪洁},
   title = {旅行商问题(TSP)的几种求解方法},
   journal = {计算机仿真},
   number = {08},
   pages = {153-157},
   ISSN = {1006-9348},
   year = {2006},
   type = {Journal Article}
}

@article{RN18,
   author = {王铁 and 胡泓},
   title = {基于K-means信息挥发速率动态调整的改进蚁群算法},
   journal = {机械与电子},
   volume = {38},
   number = {02},
   pages = {25-29},
   ISSN = {1001-2257},
   year = {2020},
   type = {Journal Article}
}

@phdthesis{RN22,
   author = {王银年},
   title = {遗传算法的研究与应用},
   university = {江南大学},
   type = {硕士},
   year = {2009},
   type = {Thesis}
}

@article{RN4,
   author = {王颖},
   title = {基于Hopfield网络的TSP路径优化研究},
   journal = {赤峰学院学报(自然科学版)},
   volume = {31},
   number = {12},
   pages = {31-33},
   ISSN = {1673-260X},
   year = {2015},
   type = {Journal Article}
}

@article{RN1,
   author = {吴高航},
   title = {Hopfield神经网络解TSP问题及能量函数参数分析},
   journal = {现代计算机(专业版)},
   number = {09},
   pages = {9-12},
   ISSN = {1007-1423},
   year = {2016},
   type = {Journal Article}
}

@article{RN11,
   author = {闫玉莲},
   title = {一种改进的Hopfield神经网络对TSP问题的求解方法},
   journal = {闽南师范大学学报(自然科学版)},
   volume = {27},
   number = {03},
   pages = {37-43},
   ISSN = {2095-7122},
   year = {2014},
   type = {Journal Article}
}

@article{RN7,
   author = {于兆敏},
   title = {基于遗传模拟退火策略的霍普菲尔德神经网络求解TSP问题},
   journal = {中国水运(下半月)},
   volume = {19},
   number = {04},
   pages = {89-91+94},
   ISSN = {1006-7973},
   year = {2019},
   type = {Journal Article}
}

@article{RN19,
   author = {于兆敏},
   title = {基于遗传模拟退火策略的霍普菲尔德神经网络求解TSP问题},
   journal = {中国水运(下半月)},
   volume = {19},
   number = {04},
   pages = {89-91+94},
   ISSN = {1006-7973},
   year = {2019},
   type = {Journal Article}
}

@article{RN15,
   author = {余一娇},
   title = {用Hopfield神经网络与遗传算法求解TSP问题的实验比较与分析},
   journal = {华中师范大学学报(自然科学版)},
   number = {02},
   pages = {157-161},
   ISSN = {1000-1190},
   year = {2001},
   type = {Journal Article}
}

@article{RN17,
   author = {张广林 and 胡小梅 and 柴剑飞 and 赵磊 and 俞涛},
   title = {路径规划算法及其应用综述},
   journal = {现代机械},
   number = {05},
   pages = {85-90},
   ISSN = {1002-6886},
   year = {2011},
   type = {Journal Article}
}

@article{RN9,
   author = {张露},
   title = {基于改进遗传算法求解带时间窗车辆路径规划问题},
   journal = {中国物流与采购},
   number = {14},
   pages = {66-69},
   ISSN = {1671-6663},
   year = {2020},
   type = {Journal Article}
}

@article{RN8,
   author = {朱献文 and 张敬},
   title = {基于遗传算法的Hopfield神经网络应用},
   journal = {信息与电脑(理论版)},
   number = {20},
   pages = {166-167},
   ISSN = {1003-9767},
   year = {2011},
   type = {Journal Article}
}

